
@INPROCEEDINGS{7163137,
author={Walecki, R. and Rudovic, O. and Pavlovic, V. and Pantic, M.},
booktitle={Automatic Face and Gesture Recognition (FG), 2015 11th IEEE International Conference and Workshops on},
title={Variable-state latent conditional random fields for facial expression recognition and action unit detection},
year={2015},
month={May},
pages={1-8},
}

@INPROCEEDINGS{6016973,
author={Hee-Deok Yang and Seong-Whan Lee},
booktitle={Machine Learning and Cybernetics (ICMLC), 2011 International Conference on},
title={Combination of manual and non-manual features for sign language recognition based on conditional random field and active appearance model},
year={2011},
month={July},
volume={4},
pages={1726-1731},
}

@article{von2007towards,
  title={Towards a video corpus for signer-independent continuous sign language recognition},
  journal={Gesture in Human-Computer Interaction and Simulation, Lisbon, Portugal},
  author={Von Agris, Ulrich and Kraiss, Karl-Friedrich},
  year={2007},
  month={May},
}


@INPROCEEDINGS{5459421,
author={Zheng, Wenming and Hao Tang and Zhouchen Lin and Huang, T.S.},
booktitle={Computer Vision, 2009 IEEE 12th International Conference on},
title={A novel approach to expression recognition from non-frontal face images},
year={2009},
pages={1901-1908},
month={Sept},}

@inproceedings{hu2008study,
  title={A study of non-frontal-view facial expressions recognition},
  author={Hu, Yuxiao and Zeng, Zhihong and Yin, Lijun and Wei, Xiaozhou and Tu, Jilin and Huang, Thomas S},
  booktitle={Pattern Recognition, 2008. ICPR 2008. 19th International Conference on},
  pages={1--4},
  year={2008},
  organization={IEEE}
}

@INPROCEEDINGS{1640820,
author={Zhiwei Zhu and Qiang Ji},
booktitle={Computer Vision and Pattern Recognition, 2006 IEEE Computer Society Conference on},
title={Robust Real-Time Face Pose and Facial Expression Recovery},
year={2006},
volume={1},
pages={681-688},
month={June},}

@INPROCEEDINGS{7163098,
author={Vieriu, R.-L. and Tulyakov, S. and Semeniuta, S. and Sangineto, E. and Sebe, N.},
booktitle={Automatic Face and Gesture Recognition (FG), 2015 11th IEEE International Conference and Workshops on},
title={Facial expression recognition under a wide range of head poses},
year={2015},
pages={1-7},
}

@inproceedings{taheri2011towards,
  title={Towards view-invariant expression analysis using analytic shape manifolds},
  author={Taheri, Sima and Turaga, Pavan and Chellappa, Rama},
  booktitle={Automatic Face \& Gesture Recognition and Workshops (FG 2011), 2011 IEEE International Conference on},
  pages={306--313},
  year={2011},
  organization={IEEE}
}

@article{kumano2009pose,
  title={Pose-invariant facial expression recognition using variable-intensity templates},
  author={Kumano, Shiro and Otsuka, Kazuhiro and Yamato, Junji and Maeda, Eisaku and Sato, Yoichi},
  journal={International journal of computer vision},
  volume={83},
  number={2},
  pages={178--194},
  year={2009},
  publisher={Springer}
}

@inproceedings{tang2010non,
  title={Non-frontal view facial expression recognition based on ergodic hidden markov model supervectors},
  author={Tang, Hao and Hasegawa-Johnson, Mark and Huang, Thomas},
  booktitle={Multimedia and Expo (ICME), 2010 IEEE International Conference on},
  pages={1202--1207},
  year={2010},
  organization={IEEE}
}

@article{black1997recognizing,
  title={Recognizing facial expressions in image sequences using local parameterized models of image motion},
  author={Black, Michael J and Yacoob, Yaser},
  journal={International Journal of Computer Vision},
  volume={25},
  number={1},
  pages={23--48},
  year={1997},
  publisher={Springer}
}

@inproceedings{zhu2006robust,
  title={Robust real-time face pose and facial expression recovery},
  author={Zhu, Zhiwei and Ji, Qiang},
  booktitle={Computer Vision and Pattern Recognition, 2006 IEEE Computer Society Conference on},
  volume={1},
  pages={681--688},
  year={2006},
  organization={IEEE}
}

@article{moore2011local,
  title={Local binary patterns for multi-view facial expression recognition},
  author={Moore, S and Bowden, R},
  journal={Computer Vision and Image Understanding},
  volume={115},
  number={4},
  pages={541--558},
  year={2011},
  publisher={Elsevier}
}

@incollection{zheng2010emotion,
  title={Emotion recognition from arbitrary view facial images},
  author={Zheng, Wenming and Tang, Hao and Lin, Zhouchen and Huang, Thomas S},
  booktitle={Computer Vision--ECCV 2010},
  pages={490--503},
  year={2010},
  publisher={Springer}
}


@ARTICLE{6737281, 
author={Wenming Zheng}, 
journal={Affective Computing, IEEE Transactions on}, 
title={Multi-View Facial Expression Recognition Based on Group Sparse Reduced-Rank Regression}, 
year={2014}, 
volume={5}, 
number={1}, 
pages={71-85}, 
}

@ARTICLE{6967830,
author={Eleftheriadis, S. and Rudovic, O. and Pantic, M.},
journal={Image Processing, IEEE Transactions on},
title={Discriminative Shared Gaussian Processes for Multiview and View-Invariant Facial Expression Recognition},
year={2015},
volume={24},
number={1},
pages={189-204},
}

@ARTICLE{6482635,
author={Yongqiang Li and Shangfei Wang and Yongping Zhao and Qiang Ji},
journal={Image Processing, IEEE Transactions on},
title={Simultaneous Facial Feature Tracking and Facial Expression Recognition},
year={2013},
volume={22},
number={7},
pages={2559-2573},
}

@article{viola2004robust,
  title={Robust real-time face detection},
  author={Viola, Paul and Jones, Michael J},
  journal={International journal of computer vision},
  volume={57},
  number={2},
  pages={137--154},
  year={2004},
  publisher={Springer}
}

@incollection{zahedi2005c,
  title={Combination of tangent distance and an image distortion model for appearance-based sign language recognition},
  author={Zahedi, Morteza and Keysers, Daniel and Deselaers, Thomas and Ney, Hermann},
  booktitle={Pattern Recognition},
  pages={401--408},
  year={2005},
  publisher={Springer}
}

@article{von2007towards,
  title={Towards a video corpus for signer-independent continuous sign language recognition},
  journal={Gesture in Human-Computer Interaction and Simulation, Lisbon, Portugal},
  author={Von Agris, Ulrich and Kraiss, Karl-Friedrich},
  year={2007},
  month={May},
}

@article{baker2004lucas,
  title={Lucas-kanade 20 years on: A unifying framework},
  author={Baker, Simon and Matthews, Iain},
  journal={International journal of computer vision},
  volume={56},
  number={3},
  pages={221--255},
  year={2004},
  publisher={Springer}
}

@article{belhumeur2013localizing,
  title={Localizing parts of faces using a consensus of exemplars},
  author={Belhumeur, Peter N and Jacobs, David W and Kriegman, David J and Kumar, Narendra},
  journal={Pattern Analysis and Machine Intelligence, IEEE Transactions on},
  volume={35},
  number={12},
  pages={2930--2940},
  year={2013},
  publisher={IEEE}
}

@INPROCEEDINGS{6751183,
author={Tzimiropoulos, G. and Pantic, M.},
booktitle={Computer Vision (ICCV), 2013 IEEE International Conference on},
title={Optimization Problems for Fast AAM Fitting in-the-Wild},
year={2013},
month={Dec},
pages={593-600},
}

@incollection{kim2010hidden,
  title={Hidden conditional ordinal random fields for sequence classification},
  author={Kim, Minyoung and Pavlovic, Vladimir},
  booktitle={Machine Learning and Knowledge Discovery in Databases},
  pages={51--65},
  year={2010},
  publisher={Springer}
}

@INPROCEEDINGS{1640937,
author={Sy Bor Wang and Quattoni, A. and Morency, L. and Demirdjian, D. and Darrell, T.},
booktitle={Computer Vision and Pattern Recognition, 2006 IEEE Computer Society Conference on},
title={Hidden Conditional Random Fields for Gesture Recognition},
year={2006},
month={},
volume={2},
pages={1521-1527},
}

@ARTICLE{18626,
author={Rabiner, L.},
journal={Proceedings of the IEEE},
title={A tutorial on hidden Markov models and selected applications in speech recognition},
year={1989},
month={Feb},
volume={77},
number={2},
pages={257-286},
}

@INPROCEEDINGS{6016973,
author={Hee-Deok Yang and Seong-Whan Lee},
booktitle={Machine Learning and Cybernetics (ICMLC), 2011 International Conference on},
title={Combination of manual and non-manual features for sign language recognition based on conditional random field and active appearance model},
year={2011},
month={July},
volume={4},
pages={1726-1731},
}

@INPROCEEDINGS{791206,
author={Vogler, C. and Metaxas, D.},
booktitle={Computer Vision, 1999. The Proceedings of the Seventh IEEE International Conference on},
title={Parallel hidden Markov models for American sign language recognition},
year={1999},
month={},
volume={1},
pages={116-122 vol.1},
}

@INPROCEEDINGS{609450,
author={Brand, M. and Oliver, N. and Pentland, A.},
booktitle={Computer Vision and Pattern Recognition, 1997. Proceedings., 1997 IEEE Computer Society Conference on},
title={Coupled hidden Markov models for complex action recognition},
year={1997},
month={Jun},
pages={994-999},
}

@ARTICLE{1432718,
author={Ong, S.C.W. and Ranganath, S.},
journal={Pattern Analysis and Machine Intelligence, IEEE Transactions on},
title={Automatic sign language analysis: a survey and the future beyond lexical meaning},
year={2005},
month={Jun},
volume={27},
number={6},
pages={873-891},
}


@INPROCEEDINGS{7163137,
author={Walecki, R. and Rudovic, O. and Pavlovic, V. and Pantic, M.},
booktitle={Automatic Face and Gesture Recognition (FG), 2015 11th IEEE International Conference and Workshops on},
title={Variable-state latent conditional random fields for facial expression recognition and action unit detection},
year={2015},
month={May},
pages={1-8},
}

@INPROCEEDINGS{6016973,
author={Hee-Deok Yang and Seong-Whan Lee},
booktitle={Machine Learning and Cybernetics (ICMLC), 2011 International Conference on},
title={Combination of manual and non-manual features for sign language recognition based on conditional random field and active appearance model},
year={2011},
month={July},
volume={4},
pages={1726-1731},
}

@INPROCEEDINGS{4813464,
author={Tan Dat Nguyen and Surendra Ranganath},
booktitle={Automatic Face Gesture Recognition, 2008. FG '08. 8th IEEE International Conference on},
title={Tracking facial features under occlusions and recognizing facial expressions in sign language},
year={2008},
month={Sept},
pages={1-7},
}

@INPROCEEDINGS{6128730,
author={Ligang Zhang and Tjondronegoro, D. and Chandran, V.},
booktitle={Digital Image Computing Techniques and Applications (DICTA), 2011 International Conference on},
title={Evaluation of Texture and Geometry for Dimensional Facial Expression Recognition},
year={2011},
month={Dec},
pages={620-626},
}

@ARTICLE{6338918,
author={Rahulamathavan, Y. and Phan, R.C.-W. and Chambers, J.A. and Parish, D.J.},
journal={Affective Computing, IEEE Transactions on},
title={Facial Expression Recognition in the Encrypted Domain Based on Local Fisher Discriminant Analysis},
year={2013},
month={Jan},
volume={4},
number={1},
pages={83-92},
}


@ARTICLE{6998925,
author={Happy, S.L. and Routray, A.},
journal={Affective Computing, IEEE Transactions on},
title={Automatic facial expression recognition using features of salient facial patches},
year={2015},
month={Jan},
volume={6},
number={1},
pages={1-12},
}

@ARTICLE{6341749,
author={Rudovic, O. and Pantic, M. and Patras, I.},
journal={Pattern Analysis and Machine Intelligence, IEEE Transactions on},
title={Coupled Gaussian processes for pose-invariant facial expression recognition},
year={2013},
month={June},
volume={35},
number={6},
pages={1357-1369},}


@INPROCEEDINGS{4717948,
author={Ari, I. and Uyar, A. and Akarun, L.},
booktitle={Computer and Information Sciences, 2008. ISCIS '08. 23rd International Symposium on},
title={Facial feature tracking and expression recognition for sign language},
year={2008},
month={Oct},
pages={1-6}, }



@ARTICLE{AR2,
	AUTHOR = {P. Ekman and W. V. Friesen},
	TITLE = {Facial Action Coding System},
	JOURNAL = {Manual Palo Alto, CA, Consulting Psychologists Press, USA},
		
	YEAR = {1978},}

@ARTICLE{AR3,
	AUTHOR = "C. E. Izard",
	TITLE = "Human Emotions",
	JOURNAL = "New York, USA",
	PUBLICATION = "Plenum",
	PAGES = {},
	YEAR = {1977}	}

@INPROCEEDINGS{CONF1,
	AUTHOR = "N. Sinha and A. G. Ramakrishnan",
	TITLE = "Automation of Differential Blood Count ",
	BOOKTITLE = {Proceedings of the Conference on Convergent Technologies for Asia-Pacific Region},
	VOLUME = {2},
	PAGES = "547-551",
    YEAR = {2003}	}

@article{CONF2,
  author    = {U. V. Agris and M. Knorr and K. F. Kraiss},
  title     = {The significance of facial features for automatic sign language recognition},
  journal   = {IEEE International Conference on Automatic Face and Gesture Recognition},
  volume    = {},
  number    = {},
  pages     = "1-6",
  year      = {2008}

}

@INPROCEEDINGS{CONF3,
	AUTHOR = "H. Tang and T. S. Huang",
	TITLE = "3D Facial Expression Recognition Based on Automatically Selected Features ",
	BOOKTITLE = {IEEE Computer Society Conference on Computer Vision and Pattern Recognition Workshops},
	VOLUME = {},
	PAGES = "1-8",
    YEAR = {2008}	}
    
    
 @article{CONF4,
  author    = {M. S. Bartlett and G. Littlewort and M. G. Frank and C. Lainscset and J. R. Movellan},
  title     = {Recognizing Facial Expression: Machine Learning and Application to Spontaneous Behavior},
  journal   = {IEEE International Conference on Computer Vision and Pattern Recognition},
  volume    = {2},
  number    = {},
  pages     = "568-573",
  year      = {2005},

}

@INPROCEEDINGS{CONF5,
 author = {S. Zhang and X. Zhao and B. Lei},
booktitle={Advances in Computer Science, Environment, Ecoinformatics, and Education, International Conference on},
title={Facial Expression Recognition Using Local Fisher Discriminant Analysis},
Volume = {214},
year={2011},
pages={443-448}, } 
 

@INPROCEEDINGS{CONF6,
author={Oshidari, B. and Araabi, B.N.},
booktitle={Progress in Informatics and Computing (PIC), 2010 IEEE International Conference on},
title={An effective feature extraction method for facial expression recognition using adaptive Gabor wavelet},
year={2010},
month={Dec},
volume={2},
pages={776-780}, }




@INPROCEEDINGS{CONF7,
author={Shi Dongcheng and Cai Fang and Du Guangyi},
booktitle={Image and Graphics (ICIG), 2013 Seventh International Conference on},
title={Facial Expression Recognition Based on Gabor Wavelet Phase Features},
year={2013},
month={July},
pages={520-523},
}


@INPROCEEDINGS{CONF8,
author={N. Aifanti and C. Papachristou and A. Delopoulos},
booktitle={11th International Workshop Image Analysis for Multimedia Interactive Services},
title={The MUG Facial Expression Database},
year={2010},
month={April},
pages={1-4},
}



@INPROCEEDINGS{CONF9,
author={Kanade, T. and Cohn, J.F. and YingLi Tian},
booktitle={Automatic Face and Gesture Recognition, 2000. Proceedings. Fourth IEEE International Conference on},
title={Comprehensive database for facial expression analysis},
year={2000},
month={},
pages={46-53}, 
}

@INPROCEEDINGS{CONF10,
author={H. Hienz and B. Bauer and K.-F. Kreiss},
booktitle={Gesture Workshop},
title={HMM-based continuous sign language recognition using stochastic grammars},
year={1999},
month={},
pages={}, 
}

@INPROCEEDINGS{CONF11,
author={L.-G. Zhang and Y. Chen and G. Fang and X. Chen, and W. Gao},
booktitle={Multimodal Interfaces. In Proceedings of the 6th International Conference on},
title={A vision-based sign language recognition system using tied-mixture density HMM},
year={2004},
month={},
pages={198-204}, 
}

@INPROCEEDINGS{CONF12,
author={Assan, M. and Groebel, K.},
booktitle={Gesture and Sign Language in Human-Computer Interaction, Lecture Notes in Computer Science},
title={A vision-based sign language recognition system using tied-mixture density HMM},
volume = {1371},
year={1998},
month={},
pages={97-109}, 
}


@BOOK{BK1,
	AUTHOR = "B. J.Bain",
	TITLE = "A Beginners Guide to Blood Cells",
	PUBLISHER = "Blackwell Publishing",
	EDITION=" 2nd",
    YEAR = "2004"	}
    
    

    
    
    
@Article{JRN2,
author = {C. Shan and S. Gong and P.W. McOwan},
title = {Facial Expression Recognition based on local binary patterns: A comprehensive study},
journal = {Image Vis. Comput},
volume = {27},
number={6},
pages = {803-816},
year = {2009},
}


@ARTICLE{JRN4,
author={Yongqiang Li and Shangfei Wang and Yongping Zhao and Qiang Ji},
journal={Image Processing, IEEE Transactions on},
title={Simultaneous Facial Feature Tracking and Facial Expression Recognition},
year={2013},
month={July},
volume={22},
number={7},
pages={2559-2573}, }

@Article{JRN5,
author = {I. Kotsia and I. Pitas},
title = {Facial Expression Recognition in Image Sequences Using Geometric Deformation Features and Support Vector Machines},
journal = {IEEE Transactions on Image Processing},
volume = {16},
pages = {172-187},
year = {2007},
}

@Article{JRN6,
author={Uddin, M.Z. and Lee, J.J. and Kim, T. -S},
journal={Consumer Electronics, IEEE Transactions on},
title={An enhanced independent component-based human facial expression recognition from video},
year={2009},
month={November},
volume={55},
number={4},
pages={2216-2224}, 
}


@Article{JRN7,
author = {T. F. Cootes and C. J. Taylor and D.H. Cooper and J. Graham},
title = {Active shape model-their training and application},
journal = {Comput Vis. Image Understand},
volume = {61},
number={1},
pages = {38-59},
year = {1995},
}

@Article{JRN8,
author={Cootes, T.F. and Edwards, G.J. and Taylor, C.J.},
journal={Pattern Analysis and Machine Intelligence, IEEE Transactions on},
title={Active appearance models},
year={2001},
month={Jun},
volume={23},
number={6},
pages={681-685}, }

@ARTICLE{JRN9,
author={Aleksic, P.S. and Katsaggelos, A.K.},
journal={Information Forensics and Security, IEEE Transactions on},
title={Automatic facial expression recognition using facial animation parameters and multistream HMMs},
year={2006},
month={March},
volume={1},
number={1},
pages={3-11},
}


@ARTICLE{JRN10,
author={Guoying Zhao and Pietikainen, M.},
journal={Pattern Analysis and Machine Intelligence, IEEE Transactions on},
title={Dynamic Texture Recognition Using Local Binary Patterns with an Application to Facial Expressions},
year={2007},
month={June},
volume={29},
number={6},
pages={915-928}, }

@ARTICLE{JRN11,
author={Xiaohua Huang and Guoying Zhao and Zheng, Wenming and Pietikainen, M.},
journal={Signal Processing Letters, IEEE},
title={Spatiotemporal Local Monogenic Binary Patterns for Facial Expression Recognition},
year={2012},
month={May},
volume={19},
number={5},
pages={243-246}, 
}

@ARTICLE{JRN12,
author={Irene Kotsia and Ioan Buciu and Ioannis Pitas},
journal={Image and Vision Computing, Elsevier},
title={An analysis of facial expression recognition under partial facial image occlusion},
year={2008},

volume={26},
number={7},
pages={1052-1067},
}

@ARTICLE{JRN13,
author={Wenchao Zhang and Shiguang Shan and Xilin Chen and Wen Gao},
journal={Signal Processing Letters, IEEE},
title={Local Gabor Binary Patterns Based on Kullback Leibler Divergence for Partially Occluded Face Recognition},
year={2007},
month={Nov},
volume={14},
number={11},
pages={875-878},
}

@Article{JRN14,
author = {T. Sha and M. Song and J. Bu and C. Chen and D. Tao},
title = {Feature level analysis for 3D facial expression recognition},
journal = {Neurocomput, Elsevier},
volume = {74},
pages = {2135-2141},
year = {2011},
}


@Article{JRN15,
author={X. Weimin},
journal={Chinese Journal of Electronics},
title={Facial Expression Recognition Based on Gabor Filter and SVM},

volume={4},
pages={809-812},
year={2006},
}

@Article{JRN16,
author = {P. Lekshmi and M. Sasikumar},
title = {Analysis of Facial Expression using Gabor and SVM},
journal = {International Journal of Recent Trends in Engineering},
volume = {1},
pages = {47-50},
year = {2009},
}

@ARTICLE{JRN17,
author={Di Huang and Caifeng Shan and Ardabilian, M. and Yunhong Wang and Liming Chen},
journal={Systems, Man, and Cybernetics, Part C: Applications and Reviews, IEEE Transactions on},
title={Local Binary Patterns and Its Application to Facial Image Analysis: A Survey},
year={2011},
month={Nov},
volume={41},
number={6},
pages={765-781},
}

@ARTICLE{JRN18,
author={Di Huang and Caifeng Shan and Ardabilian, M. and Yunhong Wang and Liming Chen},
journal={Systems, Man, and Cybernetics, Part C: Applications and Reviews, IEEE Transactions on},
title={Local Binary Patterns and Its Application to Facial Image Analysis: A Survey},
year={2011},
month={Nov},
volume={41},
number={6},
pages={765-781},
}

@ARTICLE{JRN19,
author={T. Ojala and M. Pietik¨ainen and D. Harwood},
journal={Pattern Recognition},
title={A comparative study of texture measures with classification based on featured distribution},
year={1996},
month={Jan},
volume={29},
number={1},
pages={51-59},
}

@ARTICLE{JRN20,
author={Ojala, T. and Pietikainen, M. and Maenpaa, T.},
journal={Pattern Analysis and Machine Intelligence, IEEE Transactions on},
title={Multiresolution gray-scale and rotation invariant texture classification with local binary patterns},
year={2002},
month={Jul},
volume={24},
number={7},
pages={971-987},
}

@ARTICLE{JRN21,
author={Hyeon-Kyu Lee and Kim, J.H.},
journal={Pattern Analysis and Machine Intelligence, IEEE Transactions on},
title={An HMM-based threshold model approach for gesture recognition},
year={1999},
month={Oct},
volume={21},
number={10},
pages={961-973},
}


@ARTICLE{JRN22,
author={M. Lyons and J. Budynek and S. Akamatsu},
journal={Pattern Analysis and Machine Intelligence, IEEE Transactions on},
title={Automatic Classification of Single Facial Images},
year={1999},
month={Dec},
volume={21},
number={12},
pages={1357-1362},
}

@Article{JRN23,
author  = {V. Bettadapura},
title   = {Face expression recognition and analysis:the state of the art},
journal = {Technical Report, College of Computing, Georgia Institute of Technology},
volume  = {},
pages   = {},
year    = {2012},
}

@ARTICLE{JRN24,
author={Koelstra, S. and Pantic, M. and Patras, I.},
journal={Pattern Analysis and Machine Intelligence, IEEE Transactions on},
title={A Dynamic Texture-Based Approach to Recognition of Facial Actions and Their Temporal Models},
year={2010},
month={Nov},
volume={32},
number={11},
pages={1940-1954}, 

}

@ARTICLE{JRN25,
author={Gaolin Fang and Wen Gao and Debin Zhao},
journal={Systems, Man and Cybernetics, Part A: Systems and Humans, IEEE Transactions on},
title={Large-Vocabulary Continuous Sign Language Recognition Based on Transition-Movement Models},
year={2007},
month={Jan},
volume={37},
number={1},
pages={1-9}, }



@ARTICLE{BOOK1,
	author = {S. Kullback},
	title = {Information Theory and Statistics},
	journal = {Dover, New York},
	
	year = {1968},
	}
@ARTICLE{BOOK2,
	author = {T.M. Cover and J.A. Thomas},
	title = {Entropy, Relative Entropy and Mutual Information},
	journal = {John Wiley and Sons},
	pages={12-49},
	
	year = {1991},
	}
	
@ARTICLE{BOOK3,
	author = {J. Harrigan and R. Rosenthal and K. Scherer},
	title = {New handbook of Methods in Nonverbal Behavior Research},
	pages={22},
	journal = {Oxford University Press},
	year = {2008}}

	
@BOOKLET{WEB1,
author	={ "The Wikipedia the Free Encylopedia Website"},
	title ={ "http://en.wikipedia.org"}
}


@Article{BOOK4,
author    = {K. De Brabanter and P. Karsmakers and F. Ojeda and C. Alzate and J. De Brabanter and K. Pelckmans and B. De Moor and J. Vandewalle and J. A. K. Suykens},
title     = {LS-SVMlab toolbox users guide 1.7},
year      = {2010},
}


@BOOKLET{WEB2,
author	={ "The Wikipedia the Free Encylopedia Website"},
	title ={ "http://projectdeafindia.org"}
}
@MastersThesis{MTh1,
author = {S. Mohapatra},
title = {Developmant of Impulse Noise Detection Schemes for Selective Filtering},
year = {2008},
school = {National Institute of Technolgy Rourkela},
}


@PhdThesis{PHDT1,
	author = {K.I. Laws},
	title = {Texture Image Segmentation},
	school = {University of South California},
	year = {1980},
	}


