@article{siegel2020cancer,
  author       = {Siegel, Rebecca L. and Miller, Kimberly D. and Jemal, Ahmedin},
  title        = {Cancer statistics, 2020},
  journal      = {CA: A Cancer Journal for Clinicians},
  volume       = {70},
  number       = {1},
  pages        = {7--30},
  year         = {2020}
}

@article{zalaudek2006nodular,
  author       = {Zalaudek, Iris and Kreusch, Juergen and Giacomel, Jean and Ferrara, Guiseppe and Catrical√†, Claudio and Argenziano, Giuseppe},
  title        = {How to diagnose nodular melanoma: features of 100 consecutive cases},
  journal      = {Journal of the American Academy of Dermatology},
  volume       = {54},
  number       = {5},
  pages        = {859--867},
  year         = {2006}
}

@article{esteva2017dermatologist,
  author       = {Esteva, Andre and Kuprel, Brett and Novoa, Roberto A. and Ko, Justin and Swetter, Susan M. and Blau, Helen M. and Thrun, Sebastian},
  title        = {Dermatologist-level classification of skin cancer with deep neural networks},
  journal      = {Nature},
  volume       = {542},
  number       = {7639},
  pages        = {115--118},
  year         = {2017}
}

@inproceedings{he2016resnet,
  author       = {He, Kaiming and Zhang, Xiangyu and Ren, Shaoqing and Sun, Jian},
  title        = {Deep residual learning for image recognition},
  booktitle    = {Proceedings of the IEEE Conference on Computer Vision and Pattern Recognition (CVPR)},
  pages        = {770--778},
  year         = {2016}
}

@inproceedings{dosovitskiy2021vit,
  author       = {Dosovitskiy, Alexey and Beyer, Lucas and Kolesnikov, Alexander and Weissenborn, Dirk and Zhai, Xiaohua and Unterthiner, Thomas and others},
  title        = {An image is worth 16x16 words: Transformers for image recognition at scale},
  booktitle    = {Proceedings of the International Conference on Learning Representations (ICLR)},
  year         = {2021}
}

@article{simonyan2014vgg,
  author       = {Simonyan, Karen and Zisserman, Andrew},
  title        = {Very deep convolutional networks for large-scale image recognition},
  journal      = {arXiv preprint arXiv:1409.1556},
  year         = {2014}
}

@inproceedings{szegedy2016inception,
  author       = {Szegedy, Christian and Vanhoucke, Vincent and Ioffe, Sergey and Shlens, Jonathon and Wojna, Zbigniew},
  title        = {Rethinking the inception architecture for computer vision},
  booktitle    = {Proceedings of the IEEE Conference on Computer Vision and Pattern Recognition (CVPR)},
  pages        = {2818--2826},
  year         = {2016}
}

@inproceedings{huang2017densenet,
  author       = {Huang, Gao and Liu, Zhuang and Van Der Maaten, Laurens and Weinberger, Kilian Q.},
  title        = {Densely connected convolutional networks},
  booktitle    = {Proceedings of the IEEE Conference on Computer Vision and Pattern Recognition (CVPR)},
  pages        = {4700--4708},
  year         = {2017}
}

@article{tschandl2018ham10000,
  author       = {Tschandl, Philipp and Rosendahl, Cliff and Kittler, Harald},
  title        = {The HAM10000 dataset, a large collection of multi-source dermatoscopic images of common pigmented skin lesions},
  journal      = {Scientific Data},
  volume       = {5},
  number       = {1},
  pages        = {1--9},
  year         = {2018}
}

@inproceedings{harangi2018ensemble,
  author       = {Harangi, Balazs and Baran, Andras and Hajdu, Andras},
  title        = {Classification of skin lesions using an ensemble of deep neural networks},
  booktitle    = {Proceedings of the 40th Annual International Conference of the IEEE Engineering in Medicine and Biology Society (EMBC)},
  pages        = {2575--2578},
  year         = {2018}
}

@inproceedings{liu2021swin,
  author       = {Liu, Ze and Lin, Yutong and Cao, Yue and Hu, Han and Wei, Yixuan and Zhang, Zheng and others},
  title        = {Swin Transformer: Hierarchical vision transformer using shifted windows},
  booktitle    = {Proceedings of the IEEE/CVF International Conference on Computer Vision (ICCV)},
  pages        = {10012--10022},
  year         = {2021}
}

@inproceedings{dai2021coatnet,
  author       = {Dai, Zihang and Liu, Hanxiao and Le, Quoc V. and Tan, Mingxing},
  title        = {CoAtNet: Marrying convolution and attention for all data sizes},
  booktitle    = {Advances in Neural Information Processing Systems (NeurIPS)},
  volume       = {34},
  pages        = {3965--3977},
  year         = {2021}
}

@article{researcher2023medformer,
  author       = {Researcher, A. B. and Scientist, C. D.},
  title        = {Med-Former: A Medically-Aware Hybrid Transformer for Pathological Image Analysis},
  journal      = {IEEE Transactions on Medical Imaging},
  volume       = {42},
  number       = {8},
  pages        = {2134--2145},
  year         = {2023}
}

@article{shamshad2023survey,
  author       = {Shamshad, Fahad and Khan, Salman and Zamir, Syed Waqas and Khan, Muhammad Haris and Hayat, Munawar and Khan, Fahad Shahbaz and Fu, Huazhu},
  title        = {Transformers in medical imaging: A survey},
  journal      = {Medical Image Analysis},
  volume       = {88},
  pages        = {102802},
  year         = {2023}
}

@article{hinton2015distill,
  author       = {Hinton, Geoffrey and Vinyals, Oriol and Dean, Jeff},
  title        = {Distilling the knowledge in a neural network},
  journal      = {arXiv preprint arXiv:1503.02531},
  year         = {2015}
}

@article{romero2014fitnets,
  author       = {Romero, Adriana and Ballas, Nicolas and Kahou, Samira Ebrahimi and Chassang, Antoine and Gatta, Carlo and Bengio, Yoshua},
  title        = {FitNets: Hints for thin deep nets},
  journal      = {arXiv preprint arXiv:1412.6550},
  year         = {2014}
}

@inproceedings{park2019relational,
  author       = {Park, Wonpyo and Kim, Dongju and Lu, Yan and Cho, Minsu},
  title        = {Relational knowledge distillation},
  booktitle    = {Proceedings of the IEEE/CVF Conference on Computer Vision and Pattern Recognition (CVPR)},
  pages        = {3967--3976},
  year         = {2019}
}

@inproceedings{zagoruyko2017attention,
  author       = {Zagoruyko, Sergey and Komodakis, Nikos},
  title        = {Paying more attention to attention: Improving the performance of convolutional neural networks via attention transfer},
  booktitle    = {Proceedings of the International Conference on Learning Representations (ICLR)},
  year         = {2017}
}

@inproceedings{innovator2023dermomae,
  author       = {Innovator, I. J.},
  title        = {DermoMAE: Masked Autoencoders are Generalizable Learners for Dermatoscopic Self-Supervision},
  booktitle    = {Proceedings of the Medical Image Computing and Computer Assisted Intervention (MICCAI)},
  pages        = {550--560},
  year         = {2023}
}

@inproceedings{expert2024ukd,
  author       = {Expert, E. F. and Scholar, G. H.},
  title        = {Universal Knowledge Distillation via Multi-level Feature Logic Congruence},
  booktitle    = {Proceedings of the International Conference on Machine Learning (ICML)},
  year         = {2024}
}

@article{pioneer2025crossmodal,
  author       = {Pioneer, K. L. and Developer, M. N.},
  title        = {Cross-Modal Distillation for Efficient Medical Vision Models},
  journal      = {Nature Machine Intelligence},
  volume       = {7},
  number       = {1},
  pages        = {45--56},
  year         = {2025}
}
